% Encoding: UTF-8
%%% http://bib-it.sourceforge.net/help/fieldsAndEntryTypes.php	 
%%% https://www.openoffice.org/bibliographic/bibtex-defs.html
%%% http://mirrors.ibiblio.org/CTAN/macros/latex/exptl/biblatex/doc/biblatex.pdf



%%% ====================================================================
%%% Journal abbreviations:

@String{j-ACM-COMM-COMP-ALGEBRA = "ACM Communications in Computer Algebra"}

@String{j-BYTE                  = "Byte Magazine"}

@String{j-CACM                  = "Communications of the ACM"}

@String{j-CCPE                  = "Concurrency and Computation: Prac\-tice and
                                   Experience"}

@String{j-COMP-ARCH-NEWS        = "ACM SIGARCH Computer Architecture News"}

@String{j-COMP-NET-ISDN         = "Computer Networks and ISDN Systems"}

@String{j-COMP-PHYS-COMM        = "Computer Physics Communications"}

@String{j-COMP-PHYSICS          = "Computers in Physics"}

@String{j-COMPUT-SCI-ENG        = "Computing in Science and Engineering"}

@String{j-COMPUTER              = "Computer"}

@String{j-COMPUTING             = "Computing"}

@String{j-CONTEMP-PHYS          = "Contemporary Physics"}

@String{j-DDJ                   = "Dr. Dobb's Journal of Software Tools"}

@String{j-DDJ-SOURCEBOOK        = "Dr. Dobb's Sourcebook"}

@String{j-EXE                   = ".EXE: the software developers' magazine"}

@String{j-FORTRAN-FORUM         = "ACM Fortran Forum"}

@String{j-FUT-GEN-COMP-SYS      = "Future Generation Computer Systems"}

@String{j-GRAPH-MODELS          = "Graphical models"}

@String{j-IEEE-CGA              = "IEEE Computer Graphics and Applications"}

@String{j-IEEE-SOFTWARE         = "IEEE Software"}

@String{j-IJHPCA                = "The International Journal of High Performance Computing Applications"}

@String{j-INT-J-PAR-EMER-DIST-SYS = "International Journal of Parallel,
                                  Emergent and Distributed Systems: IJPEDS"}

@String{j-INT-J-PARALLEL-PROG   = "International Journal of Parallel Programming"}

@String{j-INTERACTIONS          = "Interactions (New York, N.Y.)"}

@String{j-J-COMPUT-CHEM         = "Journal of Computational Chemistry"}

@String{j-J-PAR-DIST-COMP       = "Journal of Parallel and Distributed Computing"}

@String{j-J-RES-NATL-INST-STAND-TECHNOL = "Journal of research of the National
                                  Institute of Standards and Technology"}

@String{j-J-STAT-SOFT           = "Journal of Statistical Software"}

@String{j-J-SUPERCOMPUTING      = "The Journal of Supercomputing"}

@String{j-JERIC                 = "ACM Journal on Educational Resources in
                                  Computing (JERIC)"}

@String{j-JOCCH                 = "Journal on Computing and Cultural Heritage
                                  (JOCCH)"}

@String{j-LECT-NOTES-COMP-SCI   = "Lecture Notes in Computer Science"}

@String{j-LINEAR-ALGEBRA-APPL   = "Linear Algebra and its Applications"}

@String{j-LINUX-J               = "Linux journal"}

@String{j-LOGIN                 = ";login: the USENIX Association newsletter"}

@String{j-NUM-LIN-ALG-APPL      = "Numerical Linear Algebra with Applications"}

@String{j-OPER-SYS-REV          = "Operating Systems Review"}

@String{j-PARALLEL-PROCESS-LETT = "Parallel Processing Letters"}

@String{j-SCI-PROG              = "Scientific Programming"}

@String{j-SIGACT                = "ACM SIGACT News"}

@String{j-SIGADA-LETTERS        = "ACM SIGADA Ada Letters"}

@String{j-SIGCSE                = "SIGCSE Bulletin (ACM Special Interest Group
                                  on Computer Science Education)"}

@String{j-SIGPLAN               = "ACM SIG{\-}PLAN Notices"}

@String{j-SPE                   = "Soft\-ware\emdash Prac\-tice and Experience"}

@String{j-SUNWORLD-ONLINE       = "SunWorld online"}

@String{j-TCBB                  = "IEEE/ACM Transactions on Computational
                                  Biology and Bioinformatics"}

@String{j-TECS                  = "ACM Transactions on Embedded Computing
                                  Systems"}

@String{j-THEOR-COMP-SCI        = "Theoretical Computer Science"}

@String{j-TOCE                  = "ACM Transactions on Computing Education"}

@String{j-TOG                   = "ACM Transactions on Graphics"}

@String{j-TOMCCAP               = "ACM Transactions on Multimedia Computing,
                                  Communications, and Applications"}

@String{j-TOMS                  = "ACM Transactions on Mathematical Software"}

@String{j-TUGboat               = "TUGboat"}

@String{j-UNIX-DEVELOPER        = "UNIX Developer"}

@String{j-WEB-REVIEW            = "Web Review"}

@String{j-WEB-TECHNIQUES        = "Web Techniques"}

@String{j-WORLD-WIDE-WEB-J      = "World Wide Web Journal"}

@String{j-X-J                   = "The {X} Journal: Computing Technology with
                                  the {X Window System}"}

%%% ====================================================================
%%% Publisher abbreviations:

@String{pub-ACM                 = "ACM Press"}
@String{pub-ACM:adr             = "New York, NY 10036, USA"}

@String{pub-APRESS              = "Apress"}
@String{pub-APRESS:adr          = "Berkeley, CA, USA"}

@String{pub-AW                  = "Ad{\-d}i{\-s}on-Wes{\-l}ey"}

@String{pub-AW-LONGMAN          = "Ad{\-d}i{\-s}on-Wes{\-l}ey Longman"}
@String{pub-AW-LONGMAN:adr      = "Reading, MA, USA"}
@String{pub-AW:adr              = "Reading, MA, USA"}

@String{pub-CAMBRIDGE           = "Cambridge University Press"}
@String{pub-CAMBRIDGE:adr       = "Cambridge, UK"}

@String{pub-CHAPMAN-HALL-CRC    = "Chapman and Hall/CRC"}
@String{pub-CHAPMAN-HALL-CRC:adr = "Boca Raton, FL, USA"}

@String{pub-CNRI                = "Corporation for National Research
                                  Initiatives"}
@String{pub-CNRI:adr            = "1895 Preston White Drive, Suite 100, Reston,
                                  VA 20191, USA"}

@String{pub-CRC                 = "CRC Press"}
@String{pub-CRC:adr             = "2000 N.W. Corporate Blvd., Boca Raton,
                                  FL 33431-9868, USA"}

@String{pub-CWI                 = "Centrum voor Wiskunde en Informatica"}
@String{pub-CWI:adr             = "P. O. Box 4079, 1009 AB Amsterdam, The
                                  Netherlands"}

@String{pub-EUROPEN             = "EurOpen"}
@String{pub-EUROPEN:adr         = "Buntingford, Herts, UK"}

@String{pub-EYROLLES            = "Eyrolles"}
@String{pub-EYROLLES:adr        = "Paris, France"}

@String{pub-IEEE                = "IEEE Computer Society Press"}
@String{pub-IEEE:adr            = "1109 Spring Street, Suite 300, Silver
                                  Spring, MD 20910, USA"}

@String{pub-MAC                 = "Macmillan Publishing Company"}
@String{pub-MAC:adr             = "New York, NY, USA"}

@String{pub-MANNING             = "Manning Publications"}
@String{pub-MANNING:adr         = "Greenwich, CT, USA"}

@String{pub-MORGAN-KAUFMANN     = "Morgan Kaufmann Publishers"}
@String{pub-MORGAN-KAUFMANN:adr = "San Francisco, CA, USA"}

@String{pub-MT                  = "M\&T Books"}
@String{pub-MT:adr              = "M\&T Publishing, Inc., 501 Galveston Drive,
                                  Redwood City, CA 94063, USA"}

@String{pub-NETWORK-THEORY      = "Network Theory Ltd."}
@String{pub-NETWORK-THEORY:adr  = "Bristol, UK"}

@String{pub-NO-STARCH           = "No Starch Press"}
@String{pub-NO-STARCH:adr       = "San Francisco, CA, USA"}

@String{pub-NRP                 = "New Riders Publishing"}
@String{pub-NRP:adr             = "Carmel, IN, USA"}

@String{pub-ORA                 = "O'Reilly \& {Associates, Inc.}"}

@String{pub-ORA-MEDIA           = "O'Reilly Media, Inc."}
@String{pub-ORA-MEDIA:adr       = "1005 Gravenstein Highway North, Sebastopol,
                                  CA 95472, USA"}
@String{pub-ORA:adr             = "103a Morris Street,
                                   Sebastopol, CA 95472,
                                   USA,
                                   Tel: +1 707 829 0515,
                                   and
                                   90 Sherman Street,
                                   Cambridge, MA 02140,
                                   USA,
                                   Tel: +1 617 354 5800"}

@String{pub-OSBORNE             = "Osborne/McGraw-Hill"}
@String{pub-OSBORNE:adr         = "Berkeley, CA, USA"}

@String{pub-PACKT               = "Packt Publishing"}
@String{pub-PACKT:adr           = "Birmingham, UK"}

@String{pub-PEACHPIT            = "Peachpit Press, Inc."}
@String{pub-PEACHPIT:adr        = "1085 Keith Avenue, Berkeley, CA
                                  94708, USA"}

@String{pub-PH                  = "Pren{\-}tice-Hall"}
@String{pub-PH:adr              = "Englewood Cliffs, NJ 07632, USA"}

@String{pub-PHPTR               = "P T R Pren{\-}tice-Hall"}
@String{pub-PHPTR:adr           = "Englewood Cliffs, NJ 07632, USA"}

@String{pub-SAMS                = "SAMS Publishing"}
@String{pub-SAMS:adr            = "Indianapolis, IN, USA"}

@String{pub-SIAM                = "Society for Industrial and Applied
                                  Mathematics"}
@String{pub-SIAM:adr            = "Philadelphia, PA, USA"}

@String{pub-STUDENTLITTERATUR   = "Studentlitteratur"}
@String{pub-STUDENTLITTERATUR:adr = "Lund, Sweden"}

@String{pub-SV                  = "Spring{\-}er-Ver{\-}lag"}
@String{pub-SV:adr              = "Berlin, Germany~/ Heidelberg,
                                  Germany~/ London, UK~/ etc."}

@String{pub-SYNGRESS            = "Syngress Publishing, Inc."}
@String{pub-SYNGRESS:adr        = "Rockland, MA, USA"}

@String{pub-USENIX              = "USENIX"}
@String{pub-USENIX:adr          = "Berkeley, CA, USA"}

@String{pub-WILEY               = "Wiley"}
@String{pub-WILEY:adr           = "New York, NY, USA"}

@String{pub-WORLD-SCI           = "World Scientific Publishing Co."}
@String{pub-WORLD-SCI:adr       = "Singapore; Philadelphia, PA, USA; River
                                  Edge, NJ, USA"}

@String{pub-WROX                = "Wrox Press"}
@String{pub-WROX:adr            = "Chicago, IL, USA"}



@Book{Nielsen2015,
  Title                    = {{Neural Networks and Deep Learning}},
  Author                   = {Michael A Nielsen},
  Publisher                = {Determination Press},
  Year                     = {2015},
  url       = {{\footnotesize{\url{http://neuralnetworksanddeeplearning.com/index.html}}}}
}


@Misc{Nielsengithub2019,
  Title                    = {{Code samples for ``Neural Networks and Deep Learning''}},
  Author                   = {Michael A Nielsen},
  Year                     = {2015},
  url       = {{\footnotesize{\url{https://github.com/mnielsen/neural-networks-and-deep-learning}}}}
}


@Misc{Nielsengithub2019b,
  Title                    = {{Code samples download for ``Neural Networks and Deep Learning''}},
  Author                   = {Michael A Nielsen},
  Year                     = {2019},
  url       = {{\footnotesize{\url{https://github.com/mnielsen/neural-networks-and-deep-learning/archive/master.zip}}}}
}



@Misc{LISALabGStart2019,
  Title                    = {{Getting Started}},
  Author                   = {LISA Lab, University of Montreal},
  Year                     = {2019},
  url       = {{\footnotesize{\url{http://www.deeplearning.net/tutorial/gettingstarted.html}}}}
}


@Misc{Nielsenpercep2019,
  Title                    = {{Perceptrons}},
  Author                   = {Michael A Nielsen},
  Year                     = {2019},
  url       = {{\footnotesize{\url{http://neuralnetworksanddeeplearning.com/chap1.html#perceptrons}}}}
}

@Misc{McCulloch1943,
  Title                    = {{A logical calculus of the ideas immanent in nervous activity}},
  Author                   = {WS McCulloch and  W Pitts},
  Year                     = {1943},
  url       = {{\footnotesize{\url{https://scholar.google.ca/scholar?cluster=4035975255085082870}}}}
}

@Misc{WikiPediaRNN2019,
  Title                    = {{Recurrent neural network}},
  Author                   = {WikiPedia},
  Year                     = {2019},
  url       = {{\footnotesize{\url{https://en.wikipedia.org/wiki/Recurrent_neural_network}}}}
}


@Misc{Muellermnist2019,
  Title                    = {{MNIST for ever....}},
  Author                   = {Andreas Mueller},
  Year                     = {2019},
  url       = {{\footnotesize{\url{http://peekaboo-vision.blogspot.de/2010/09/mnist-for-ever.html}}}}
}


@Misc{wanli2019,
  Title                    = {{www.cs.nyu.edu/~wanli}},
  Author                   = {Wan Li},
  Year                     = {2019},
  url       = {{\footnotesize{\url{http://www.cs.nyu.edu/~wanli/}}}}
}


@Misc{matthewzeiler2019,
  Title                    = {{www.matthewzeiler.com}},
  Author                   = {Matthew Zeiler},
  Year                     = {2019},
  url       = {{\footnotesize{\url{http://www.matthewzeiler.com/}}}}
}



@Misc{yannlecun2019,
  Title                    = {{yann.lecun.com}},
  Author                   = { Yann LeCun},
  Year                     = {2019},
  url       = {{\footnotesize{\url{http://yann.lecun.com/}}}}
}



@Misc{RobFergus2019,
  Title                    = {{cs.nyu.edu/~fergus}},
  Author                   = { Rob Fergus},
  Year                     = {2019},
  url       = {{\footnotesize{\url{http://cs.nyu.edu/~fergus/pmwiki/pmwiki.php}}}}
}



@Misc{wikipediakangeroo2019,
  Title                    = {{Kangaroo}},
  Author                   = {Wikipedia},
  Year                     = {2019},
  url       = {{\footnotesize{\url{http://commons.wikimedia.org/wiki/File:Kangaroo_ST_03.JPG}}}}
}



@Misc{wikipediaeinsteinaged32019,
  Title                    = {{Einstein, aged 3}},
  Author                   = {Wikipedia},
  Year                     = {2019},
  url       = {{\footnotesize{\url{http://commons.wikimedia.org/wiki/File:Albert_Einstein_at_the_age_of_three_(1882).jpg}}}}
}


@article{Cybenko1989,
  title = {{Approximations by Superpositions of a Sigmoidal Function}},
  author = {{G Cybenko}},
  year = {1989},
  journal = {Mathematics of Control, Signals and Systems},
  volume = {2},
  pages = {303--314},
  url = {{\footnotesize{\url{http://www.dartmouth.edu/~gvc/Cybenko_MCSS.pdf}}}}
}



@article{Hornik1989,
  title = {{Multilayer feedforward networks are universal approximators}},
  author = {{Kurt Hornik and Maxwell Stinchcombe  and Halbert White}},
  year = {1989},
  journal = {Neural Networks},
  volume = {2},
  pages = {359--366},
  url = {{\footnotesize{\url{https://www.sciencedirect.com/science/article/pii/0893608089900208}}}}
}



@Misc{wikipediahubblexdeepfield2019,
  Title                    = {{The Hubble eXtreme Deep Field}},
  Author                   = {Wikipedia},
  Year                     = {2019},
  url       = {{\footnotesize{\url{http://commons.wikimedia.org/wiki/File:The_Hubble_eXtreme_Deep_Field.jpg}}}}
}


@Misc{wikipediaVitalism2019,
  Title                    = {{Vitalism}},
  Author                   = {Wikipedia},
  Year                     = {2019},
  url       = {{\footnotesize{\url{https://en.wikipedia.org/wiki/Vitalism}}}}
}


@Misc{wikipediaConnectomics2019,
  Title                    = {{Connectomics}},
  Author                   = {Wikipedia},
  Year                     = {2019},
  url       = {{\footnotesize{\url{https://en.wikipedia.org/wiki/Connectomics}}}}
}


@Misc{wikipediaChimpanzeehuman2019,
  Title                    = {{Chimpanzee-human last common ancestor}},
  Author                   = {Wikipedia},
  Year                     = {2019},
  url       = {{\footnotesize{\url{https://en.wikipedia.org/wiki/Chimpanzee%E2%80%93human_last_common_ancestor}}}}
}


@Misc{wikipediaOrientationcolumn2019,
  Title                    = {{Orientation column}},
  Author                   = {Wikipedia},
  Year                     = {2019},
  url       = {{\footnotesize{\url{https://en.wikipedia.org/wiki/Orientation_column}}}}
}

@Misc{wikipediaSocietyofMind2019,
  Title                    = {{Society of Mind}},
  Author                   = {Wikipedia},
  Year                     = {2019},
  url       = {{\footnotesize{\url{https://en.wikipedia.org/wiki/Society_of_Mind}}}}
}


@book{Rota2008,
  title = {{Indiscrete Thoughts}},
  year = {2008},
  author = {{Gian-Carlos Rota}},
  publisher = {{Springer Science \& Business Media}}
  }




@Misc{wikipediaOrientationmaps2019,
  Title                    = {{Orientation maps}},
  Author                   = {Wikipedia},
  Year                     = {2019},
  url       = {{\footnotesize{\url{http://www.scholarpedia.org/article/Visual_map#Orientation_Maps}}}}
}





@Misc{,
  Title                    = {{Initial sequence of the chimpanzee genome and comparison with the human genome}},
  Author                   = {The Chimpanzee Sequencing and Analysis Consortium},
  Year                     = {2019},
  url       = {{\footnotesize{\url{https://www.nature.com/articles/nature04072}}}}
}


@article{ChimpanzeeSequencing2005,
  Title                    = {{Initial sequence of the chimpanzee genome and comparison with the human genome}},
  Author                   = {The Chimpanzee Sequencing and Analysis Consortium},
  Year                     = {2005},
  url       = {{\footnotesize{\url{https://www.nature.com/articles/nature04072}}}},
  journal = {Nature},
  volume = {437},
  pages = {67--87}
}


@article{rumelhart1986,
  Title                    = {{Learning representations by back-propagating errors}},
  Author                   = {David E. Rumelhart and Geoffrey E. Hinton and Ronald J. Williams },
  Year                     = {1986},
  url       = {{\footnotesize{\url{https://www.nature.com/articles/323533a0}}}},
  journal = {Nature},
  volume = {323},
  pages = {533--536}
}




@article{Sharma2000,
  Title                    = {{Induction of visual orientation modules in auditory cortex}},
  Author                   = {Jitendra Sharma and  Alessandra Angelucci and  Mriganka Sur},
  Year                     = {2000},
  url       = {{\footnotesize{\url{https://www.nature.com/articles/35009043}}}},
  journal = {Nature},
  volume = {404},
  pages = {841--847}
}


@article{Varki2005,
  Title                    = {{Comparing the human and chimpanzee genomes: Searching for needles in a haystack}},
  Author                   = {Ajit Varki and Tasha K. Altheide},
  Year                     = {2005},
  url       = {{\footnotesize{\url{https://genome.cshlp.org/content/15/12/1746.full}}}},
  journal = {Genome Research},
  volume = {15},
  pages = {1746--1758},
}


@article{Shannon2005,
  Title                    = {{Prediction and Entropy of Printed English}},
  Author                   = {C. E. Shannon},
  Year                     = {1951},
  url       = {{\footnotesize{\url{https://ia902602.us.archive.org/23/items/bstj30-1-50/bstj30-1-50.pdf}}}},
  journal = {Bell System Technical Journal},
  volume = {30},
  pages = {50--64},
}

@Misc{chrisolah2019,
  Title                    = {{Christopher Olah Blog}},
  Author                   = {Christopher Olah},
  Year                     = {2019},
  url       = {{\footnotesize{\url{https://colah.github.io/about.html}}}}
}



@Misc{Vazquez2018,
  Title                    = {{A ``weird'' introduction to Deep Learning}},
  Author                   = {Favio V\'{a}zquez},
  Year                     = {2018},
  url       = {{\footnotesize{\url{https://towardsdatascience.com/a-weird-introduction-to-deep-learning-7828803693b0}}}}
}




@Misc{Hinton2019,
  Title                    = {{Geoffrey E. Hinton Home Page}},
  Author                   = {Geoffrey E. Hinton},
  Year                     = {2019},
  url       = {{\footnotesize{\url{http://www.cs.toronto.edu/~hinton/}}}}
}





@Misc{MikeBostock2019,
  Title                    = {{Visualizing Algorithms}},
  Author                   = {Mike Bostock},
  Year                     = {2019},
  url       = {{\footnotesize{\url{https://bost.ocks.org/mike/algorithms/}}}}
}



@Misc{AmitPatel2019,
  Title                    = {{Amit Patel’s Home Page}},
  Author                   = {Amit Patel},
  Year                     = {2019},
  url       = {{\footnotesize{\url{http://www-cs-students.stanford.edu/~amitp/}}}}
}




@Misc{BretVictor2019,
  Title                    = {{Bret Victor; purveyor of impossible dreams}},
  Author                   = {Bret Victor},
  Year                     = {2019},
  url       = {{\footnotesize{\url{http://worrydream.com/}}}}
}




@Misc{StevenWittens2019,
  Title                    = {{Hackery, Math \& Design}},
  Author                   = {Steven Wittens},
  Year                     = {2019},
  url       = {{\footnotesize{\url{http://acko.net/}}}}
}


@Misc{WikiPediaNeuron2019,
  Title                    = {{Neuron}},
  Author                   = {WikiPedia},
  Year                     = {2019},
  url       = {{\footnotesize{\url{https://en.wikipedia.org/wiki/Neuron}}}}
}


@Misc{stackexchangeEllefsen2015,
  Title                    = {{Neural network differentiate bipolar sigmoidal function}},
  Author                   = {Brevan Ellefsen},
  Year                     = {2015},
  url       = {{\footnotesize{\url{https://math.stackexchange.com/questions/1469739/neural-network-differentiate-bipolar-sigmoidal-function}}}}
}




@Misc{NickBecker2017,
  Title                    = {{Deriving the Sigmoid Derivative for Neural Networks}},
  Author                   = {Nick Becker},
  Year                     = {2017},
  url       = {{\footnotesize{\url{https://beckernick.github.io/sigmoid-derivative-neural-network/}}}}
}



@Misc{DustinStansbury2014,
  Title                    = {{Derivation: Derivatives for Common Neural Network Activation Functions}},
  Author                   = {Dustin Stansbury},
  Year                     = {2014},
  url       = {{\footnotesize{\url{https://theclevermachine.wordpress.com/2014/09/08/derivation-derivatives-for-common-neural-network-activation-functions/}}}}
}


@Misc{HamzaMahmood2018,
  Title                    = {{The Softmax Function, Simplified}},
  Author                   = {Hamza Mahmood},
  Year                     = {2018},
  url       = {{\footnotesize{\url{https://towardsdatascience.com/softmax-function-simplified-714068bf8156}}}}
}


@article{Pedamonti2018,
  author    = {Dabal Pedamonti},
  title     = {Comparison of non-linear activation functions for deep neural networks
               on {MNIST} classification task},
  journal   = {CoRR},
  volume    = {abs/1804.02763},
  year      = {2018},
  url       = {http://arxiv.org/abs/1804.02763},
  archivePrefix = {arXiv},
  eprint    = {1804.02763},
  timestamp = {Mon, 13 Aug 2018 16:47:14 +0200},
  biburl    = {https://dblp.org/rec/bib/journals/corr/abs-1804-02763},
  bibsource = {dblp computer science bibliography, https://dblp.org}
}

@article{Nwankpa2018,
  author    = {Chigozie Nwankpa and
               Winifred Ijomah and
               Anthony Gachagan and
               Stephen Marshall},
  title     = {Activation Functions: Comparison of trends in Practice and Research
               for Deep Learning},
  journal   = {CoRR},
  volume    = {abs/1811.03378},
  year      = {2018},
  url       = {http://arxiv.org/abs/1811.03378},
  archivePrefix = {arXiv},
  eprint    = {1811.03378},
  timestamp = {Fri, 23 Nov 2018 12:43:51 +0100},
  biburl    = {https://dblp.org/rec/bib/journals/corr/abs-1811-03378},
  bibsource = {dblp computer science bibliography, https://dblp.org}
}


@Misc{WikiPediaHyperbolicfunction2019,
  Title                    = {{Hyperbolic function}},
  Author                   = {WikiPedia},
  Year                     = {2019},
  url       = {{\footnotesize{\url{https://en.wikipedia.org/wiki/Hyperbolic_function}}}}
}



@Misc{WikiPediaCauchySchwarz2019,
  Title                    = {{Cauchy–Schwarz inequality}},
  Author                   = {WikiPedia},
  Year                     = {2019},
  url       = {{\footnotesize{\url{https://en.wikipedia.org/wiki/Cauchy%E2%80%93Schwarz_inequality}}}}
}


@Misc{mathoverflowhighDthink2019,
  Title                    = {{Intuitive crutches for higher dimensional thinking}},
  Author                   = {mathoverflow},
  Year                     = {2019},
  url       = {{\footnotesize{\url{https://mathoverflow.net/questions/25983/intuitive-crutches-for-higher-dimensional-thinking}}}}
}


@Misc{LeCun2019,
  Title                    = {{THE MNIST DATABASE of handwritten digits}},
  Author                   = {Yann LeCun and Corinna Cortes and Christopher J.C. Burges},
  Year                     = {2019},
  url       = {{\footnotesize{\url{http://yann.lecun.com/exdb/mnist/}}}}
}

@Misc{scikit-learnwebsite,
  Title                    = {Scikit-learn: Machine Learning in {P}ython (website)},
  Author                   = {Pedregosa, F. and Varoquaux, G. and Gramfort, A. and Michel, V.
         and Thirion, B. and Grisel, O. and Blondel, M. and Prettenhofer, P.
         and Weiss, R. and Dubourg, V. and Vanderplas, J. and Passos, A. and
         Cournapeau, D. and Brucher, M. and Perrot, M. and Duchesnay, E.},
  Year                     = {2019},
  url       = {{\footnotesize{\url{https://scikit-learn.org/stable/}}}}
}


@Misc{libsvm,
  Title                    = {{LIBSVM -- A Library for Support Vector Machines}},
  Author                   = {Chih-Chung Chang and Chih-Jen Lin},
  Year                     = {2019},
  url       = {{\footnotesize{\url{https://www.csie.ntu.edu.tw/~cjlin/libsvm/}}}}
}




@article{scikit-learn,
 title={Scikit-learn: Machine Learning in {P}ython},
 author={Pedregosa, F. and Varoquaux, G. and Gramfort, A. and Michel, V.
         and Thirion, B. and Grisel, O. and Blondel, M. and Prettenhofer, P.
         and Weiss, R. and Dubourg, V. and Vanderplas, J. and Passos, A. and
         Cournapeau, D. and Brucher, M. and Perrot, M. and Duchesnay, E.},
 journal={Journal of Machine Learning Research},
 volume={12},
 pages={2825--2830},
 year={2011},
  url       = {{\footnotesize{\url{https://scikit-learn.org/stable/}}}}
}

@book{rosenblatt1962principles,
  title={Principles of neurodynamics: perceptrons and the theory of brain mechanisms},
  author={Rosenblatt, F.},
  lccn={62012882},
  series={Report (Cornell Aeronautical Laboratory)},
  url={https://books.google.ca/books?id=7FhRAAAAMAAJ},
  year={1962},
  publisher={Spartan Books}
}


}


@Comment{jabref-meta: databaseType:bibtex;}

@Comment{jabref-meta: grouping:
0 AllEntriesGroup:;
1 StaticGroup:Imported Groups\;0\;1\;\;\;\;;
2 StaticGroup:Target Acquisition\;0\;1\;\;\;\;;
2 StaticGroup:Public Transport\;0\;1\;\;\;\;;
2 StaticGroup:Tracking\;0\;1\;\;\;\;;
2 StaticGroup:Atmospheric Turbulence\;0\;1\;\;\;\;;
2 StaticGroup:Adaptive Optics\;0\;1\;\;\;\;;
2 StaticGroup:MTF\;0\;1\;\;\;\;;
2 StaticGroup:Displays\;0\;1\;\;\;\;;
2 StaticGroup:Multi-Dither\;0\;1\;\;\;\;;
1 StaticGroup:Atmospheric Spectroscopy and CO2\;0\;1\;\;\;\;;
}
